<collection xmlns="http://www.loc.gov/MARC21/slim">
<record>
  <leader>01312nam0a22002771i 450 </leader>
  <controlfield tag="001">IT\ICCU\CNCE\072717</controlfield>
  <controlfield tag="005">20080414000000.0</controlfield>
  <datafield tag="012" ind1=" " ind2=" ">
    <subfield code="a">pie- ntt: s.s. ilUt (C) 1560 (A)</subfield>
    <subfield code="2">fei</subfield>
  </datafield>
  <datafield tag="100" ind1=" " ind2=" ">
    <subfield code="a">20080408d1560        0itac0103    ba</subfield>
  </datafield>
  <datafield tag="101" ind1=" " ind2=" ">
    <subfield code="a">LAT</subfield>
  </datafield>
  <datafield tag="102" ind1=" " ind2=" ">
    <subfield code="a">IT</subfield>
  </datafield>
  <datafield tag="200" ind1="1" ind2=" ">
    <subfield code="a">Incipit Regula seu deuotio disciplinorum fraternitatis sancti Thome de Aquino ciuitatis Perusie</subfield>
  </datafield>
  <datafield tag="210" ind1=" " ind2=" ">
    <subfield code="e">Stampata nell&apos;inclita citta di Venetia</subfield>
    <subfield code="g">per Francesco de Leno</subfield>
    <subfield code="h">1560</subfield>
  </datafield>
  <datafield tag="215" ind1=" " ind2=" ">
    <subfield code="a">\16! c.</subfield>
    <subfield code="c">ill.</subfield>
    <subfield code="d">8ʻ</subfield>
  </datafield>
  <datafield tag="620" ind1=" " ind2=" ">
    <subfield code="a">IT</subfield>
    <subfield code="d">Venezia</subfield>
  </datafield>
  <datafield tag="710" ind1="0" ind2="2">
    <subfield code="a">Confraternita di S. Tommaso</subfield>
    <subfield code="c"> &lt;Perugia&gt;</subfield>
    <subfield code="3">28834</subfield>
  </datafield>
  <datafield tag="712" ind1="0" ind2="0">
    <subfield code="a">Di_Leno, Francesco</subfield>
    <subfield code="3">IT\ICCU\CNCT\002847</subfield>
    <subfield code="4">650</subfield>
  </datafield>
  <datafield tag="791" ind1="0" ind2="2">
    <subfield code="a">Compagnia di S. Tommaso</subfield>
    <subfield code="c"> &lt;Perugia&gt;</subfield>
    <subfield code="3">29238</subfield>
    <subfield code="z">Confraternita di S. Tommaso &lt;Perugia&gt;</subfield>
  </datafield>
  <datafield tag="791" ind1="0" ind2="2">
    <subfield code="a">Fraternitas sancti Thome de Aquino civitatis Perusiae</subfield>
    <subfield code="3">29239</subfield>
    <subfield code="z">Confraternita di S. Tommaso &lt;Perugia&gt;</subfield>
  </datafield>
  <datafield tag="791" ind1="0" ind2="2">
    <subfield code="a">Francesco di Leno</subfield>
    <subfield code="3">IT\ICCU\CNCT\000241</subfield>
    <subfield code="z">Di_Leno, Francesco</subfield>
  </datafield>
  <datafield tag="791" ind1="0" ind2="0">
    <subfield code="a">Leno, Francesco de</subfield>
    <subfield code="3">IT\ICCU\CNCT\002848</subfield>
    <subfield code="z">Di_Leno, Francesco</subfield>
  </datafield>
  <datafield tag="791" ind1="0" ind2="0">
    <subfield code="a">Leniis, Franciscus de</subfield>
    <subfield code="3">IT\ICCU\CNCT\004698</subfield>
    <subfield code="z">Di_Leno, Francesco</subfield>
  </datafield>
  <datafield tag="791" ind1="0" ind2="0">
    <subfield code="a">Lenus, Franciscus</subfield>
    <subfield code="3">IT\ICCU\CNCT\004699</subfield>
    <subfield code="z">Di_Leno, Francesco</subfield>
  </datafield>
  <datafield tag="791" ind1="0" ind2="0">
    <subfield code="a">Aleni, Francesco</subfield>
    <subfield code="3">IT\ICCU\CNCT\006388</subfield>
    <subfield code="z">Di_Leno, Francesco</subfield>
  </datafield>
  <datafield tag="801" ind1=" " ind2="3">
    <subfield code="a">IT</subfield>
    <subfield code="b">ICCU</subfield>
    <subfield code="c">20201115</subfield>
  </datafield>
  <datafield tag="899" ind1=" " ind2=" ">
    <subfield code="a">Biblioteca comunale Augusta. Perugia</subfield>
    <subfield code="1">PG0109</subfield>
    <subfield code="2">UM1 01</subfield>
  </datafield>
</record>
</collection>
